@manual{inmetro2003,
	Author = {INMETRO},
	Title = {Vocabulário internacional de termos fundamentais e gerais de
	metrologia},
	Year = {2013},
	Address = {Rio de Janeiro, Brasil},
	Pages = {75},
	isbn = {85-87090-90-9},
}

@inproceedings{soviero1997,
	Author = {P. A. O. Soviero and L. G. M. Lavagna},
	Title = {A Numerical Model for Thin Airfoils in Unsteady Motion},
	Year = {1997},
	Pages = {332-340},
	Volume = {19},
	Number = {3},
	Booktitle = {Journal of the Brazilian Societyt Mechanical Sciences},	
}



@inproceedings{sparrow1980,
	Author = {E. M. Sparrow},
	Title = {Forced Convection Heat Transfer in a Duct Having Spanwise-Periodic
	Rectangular Protuberances},
	Year = {1980},
	Pages = {149-167},
	Volume = {3},
	Booktitle = {Numerical Heat Transfer},
}

@article{clark1986,
	Author = {J. A. Clark},
	Title = {Private Communication},
	Year = {1986},
	Address = {University of Michigan},
}

@article{arruda2007,
	Author = {M. B. B. Arruda},
	Title = {Como fazer referências: bibliográficas, eletrônicas e demais
	formas de documentos},
	Year = {2007},
	Url = {http://bu.ufsc.br/framerefer.html}
}

@article{coimbra1978,
	Author = {A. L. Coimbra},
	Title = {Lessons of Continuum Mechanics},
	Year = {1978},
	Address = {São Paulo, Brazil},
	Pages = {428},
	Editor = {Edgard Blücher},
}

@inproceedings{bordalo1989,
	Author = {S. N. Bordalo and J. H. Ferziger and S. J. Kline},
	Title = {The Development of Zonal Models for Turbulence},
	Year = {1989},
	Pages = {41-44},
	Booktitle = {Proceedings of the 10th Brazilian Congress of Mechanical
	Engineering}, 
	Volume = {1},	
}

@manual{NBR14724:2011,
	Address = {Rio de Janeiro},
	Date-Added = {2012-12-15 20:34:08 +0000},
	Date-Modified = {2012-12-15 20:35:25 +0000},
	Month = mar,
	Org-Short = {ABNT},
	Organization = {Associa{\c c}\~ao Brasileira de Normas T\'ecnicas},
	Pages = 15,
	Subtitle = {Informa{\c c}\~ao e documenta{\c c}\~ao --- trabalhos acad\^emicos --- apresenta{\c c}\~ao},
	Title = {{NBR} 14724},
	Year = 2011
}

@manual{NBR6034:2000,
	Address = {Rio de Janeiro},
	Org-Short = {ABNT},
	Organization = {Associa{\c c}\~ao Brasileira de Normas T\'ecnicas},
	Subtitle = {Informa{\c c}\~ao e documenta{\c c}\~ao --- Referências},
	Title = {{NBR} 14724},
	Year = 2000
}

@article{sas,
	Author = {J. A. Clark},
	Title = {Educação e aprendizagem no século XXI: novas ferramentas, novos cenários, novas finalidades},
	Year = {2010},
	Address = {University of Michigan},
}

@book{teste,
  author    = {C. Coll and C. Monereo}, 
  title     = {Psicologia da educação virtual: aprender e ensinar com as tecnologias da informação e da comunicação},
  publisher = {Artmed},
  year      = {2010},
  volume    = {volume},
  series    = {serie},
  address   = {Endereço},
  edition   = {edição},
  month     = {mês},
  note      = {Anotação},
  isbn      = {ISBN}
}

@inbook{monereo2010,
  author    = {C. Coll and C. Monereo}, 
  title     = {Psicologia da educação virtual: aprender e ensinar com as tecnologias da informação e da comunicação},
  publisher = {Artmed},
  year      = {2010},
  chapter    = {Educação e aprendizagem no século XXI: novas ferramentas, novos cenários, novas finalidades},
  pages    = {15--46}
}

@inproceedings{martins2005,
  author = {R. X. Martins},
  title = {Competências em tecnologia da informação no ambiente escolar},
  year = {2005},
  booktitle = {Psicologia Escolar e Educacional},
  volume = {9},
  doi = {10.1590/S1413-85572005000200016},
  url = {http://www.scielo.br/scielo.php?script=sci_arttext&pid=S1413-85572005000200016}
}

@online{tic2015,
  author = {A. F. Barbosa},
  title = {TIC Governo Eletrônico 2015},
  year = {2016},
  Address = {São Paulo},
  url = {https://cetic.br/media/docs/publicacoes/2/TIC_eGOV_2015_LIVRO_ELETRONICO.pdf},
  urldate = {2019-04-24}
}

@book{castells1999,
  author = {M. Castells},
  title = {A sociedade em rede},
  year = {1999},
  address = {São Paulo},
  publisher = {Paz e Terra},
}

@article{neves2000,
  author = {G. L. Jamil and J. T. R. Neves},
  title = {A era da informação: considerações sobre o desenvolvimento das tecnologias da Informação},
  year = {2000},
  url = {http://www.brapci.inf.br/_repositorio/2010/11/pdf_d9bd5b50ed_0012703.pdf}
}

@book{pariser2012, 
  author = {E. Pariser},
  title = {O filtro invisível: O que a internet está escondendo de você}, 
  year = {2012},
  publisher = {Zahar},
  ISBN = {8537808032}
}

@inproceedings{poppi2017,
  author = {Henrique C. Parra Filho and Ricardo A. Poppi},
  title = {Governança digital como vetor para uma nova geração de tecnologias de participação social no Brasil},
  year = {2017},
  doi = {10.18617/liinc.v13i1.3895},
  Booktitle = {Liinc}, 
  Volume = {13},
  url = {http://www.brapci.inf.br/_repositorio/2010/11/pdf_d9bd5b50ed_0012703.pdf}
}

@online{polis,
  author = {A. F. Barbosa},
  title = {TIC Governo Eletrônico 2015},
  year = {2016},
  Address = {São Paulo},
  url = {https://cetic.br/media/docs/publicacoes/2/TIC_eGOV_2015_LIVRO_ELETRONICO.pdf},
  urldate = {2019-04-24}
}

@inproceedings{bennett2012,
  author = {T. Kriplean and J. Morgan and D. Freelon and A. Borning and L. Bennett},
  title = {Supporting Reflective Public Thought with ConsiderIt},
  year = {2012},
  Booktitle = {ACM Conference on Computer Supported Cooperative Work},
  address = {Seattle}
}

@book{bertsekas2008, 
  author = {Dimitri P. Bertsekas and John N. Tsitsiklis},
  title = {Introduction to Probability}, 
  year = {2008},
  publisher = {Athena Scientific},
  ISBN = {978-1-886529-23-6},
  edition = {2},
  pages    = {297--299}
}

@inproceedings{minka2000,
  author = {Thomas P. Minka},
  title = {Estimating a Dirichlet distribution},
  year = {2000},
}

@book{lovelace1998, 
  author = {Kotz, S. and Lovelace, C.},
  title = {Introduction to process capability indices: Theory and practice}, 
  year = {1998},
  publisher = {Arnold, London}
}

@inproceedings{barbosa2018,
  author = {Sarah Pinheiro Barbosa},
  title = {Misturas Finitas de Densidades Beta e de Dirichlet Aplicadas em Análise Discriminante},
  year = {2018},
}

%nao usando 
@inproceedings{narayanan1992,
  author = {A. Narayanan},
  title = {A note on parameter estimation in the multivariate beta distribution},
  year = {1992},
  pages = {11--17},
  publisher = {Computers & Mathematics with Applications},
  volume = {24}
}


@inproceedings{gomes2005,
  author = {Gecynalda S. S. Gomes},
  title = {Análise de Influência para Distribuição Dirichlet},
  year = {2005},
  address = {Recife}
}


@inproceedings{blei2003,
  author = {David M. Blei and Andrew Y. Ng and Michael I. Jordan},
  title = {Latent Dirichlet Allocation},
  year = {2003},
  publisher = {Journal of Machine Learning Research 3}
}

@online{liu2019, 
  author = {Sue Liu},
  title = {Dirichlet distribution}, 
  year = {2019},
  url = {https://towardsdatascience.com/dirichlet-distribution-a82ab942a879},
  urldate = {2019-06-23},
}


@InCollection{Monard2003,
  Title = {Conceitos Sobre Aprendizado de Máquina},
  Author = {Maria Carolina Monard and José Augusto Baranauskas},
  Booktitle = {Sistemas Inteligentes Fundamentos e Aplicações},
  Publisher = {Manole Ltda},
  Year = {2003},
  Address = {Barueri-SP},
  Edition = {1},
  ISBN = {85-204-168}
}


@book{mitchell1997, 
  author = {Tom M. Mitchell},
  title = {Machine Learning}, 
  year = {1997},
  publisher = {McGraw-Hill Science/Engineering/Math},
  isbn = {0070428077}
}